@ARTICLE{Eccleston:2024:PhRvD,
       author = {{Eccleston}, Tarin and {Edwards}, Matthew C.},
        title = "{Generative adversarial network for stellar core-collapse gravitational waves}",
      journal = {\prd},
     keywords = {General relativity, alternative theories of gravity, General Relativity and Quantum Cosmology, Astrophysics - Instrumentation and Methods for Astrophysics},
         year = 2024,
        month = nov,
       volume = {110},
       number = {10},
          eid = {104055},
        pages = {104055},
          doi = {10.1103/PhysRevD.110.104055},
archivePrefix = {arXiv},
       eprint = {2408.02895},
 primaryClass = {gr-qc},
       adsurl = {https://ui.adsabs.harvard.edu/abs/2024PhRvD.110j4055E},
      adsnote = {Provided by the SAO/NASA Astrophysics Data System}
}

@ARTICLE{Isi:2018:PhRvD,
       author = {{Isi}, Maximiliano and {Smith}, Rory and {Vitale}, Salvatore and {Massinger}, T.~J. and {Kanner}, Jonah and {Vajpeyi}, Avi},
        title = "{Enhancing confidence in the detection of gravitational waves from compact binaries using signal coherence}",
      journal = {\prd},
     keywords = {General Relativity and Quantum Cosmology, Astrophysics - High Energy Astrophysical Phenomena, Physics - Data Analysis, Statistics and Probability},
         year = 2018,
        month = aug,
       volume = {98},
       number = {4},
          eid = {042007},
        pages = {042007},
          doi = {10.1103/PhysRevD.98.042007},
archivePrefix = {arXiv},
       eprint = {1803.09783},
 primaryClass = {gr-qc},
       adsurl = {https://ui.adsabs.harvard.edu/abs/2018PhRvD..98d2007I},
      adsnote = {Provided by the SAO/NASA Astrophysics Data System}
}









